@article{ascensao2023,
  title = {Quantifying the Local Adaptive Landscape of a Nascent Bacterial Community},
  author = {Ascensao, Joao A. and Wetmore, Kelly M. and Good, Benjamin H. and Arkin, Adam P. and Hallatschek, Oskar},
  date = {2023-01-16},
  journaltitle = {Nature Communications},
  shortjournal = {Nat Commun},
  volume = {14},
  number = {1},
  pages = {248},
  issn = {2041-1723},
  doi = {10.1038/s41467-022-35677-5}
}

@article{betancourt2017,
  title = {A {{Conceptual Introduction}} to {{Hamiltonian Monte Carlo}}},
  author = {Betancourt, Michael},
  date = {2017},
  journaltitle = {ArXiv},
  eprint = {1701.02434},
  eprinttype = {arXiv}
}

@article{caterini2018,
  title = {Hamiltonian {{Variational Auto-Encoder}}},
  author = {Caterini, Anthony L and Doucet, Arnaud and Sejdinovic, Dino},
  date = {2018},
  pages = {11},
  doi = {10.48550/arXiv.1805.11328}
}

@online{chadebec2020,
  title = {Geometry-{{Aware Hamiltonian Variational Auto-Encoder}}},
  author = {Chadebec, Clément and Mantoux, Clément and Allassonnière, Stéphanie},
  date = {2020-10-22},
  eprint = {2010.11518},
  eprinttype = {arXiv},
  eprintclass = {cs, math, stat},
  doi = {10.48550/arXiv.2010.11518},
  pubstate = {prepublished}
}

@article{furusawa2018,
  title = {Formation of Dominant Mode by Evolution in Biological Systems},
  author = {Furusawa, Chikara and Kaneko, Kunihiko},
  date = {2018-04-12},
  journaltitle = {Physical Review E},
  volume = {97},
  number = {4},
  pages = {042410},
  publisher = {American Physical Society},
  issn = {2470-0045},
  doi = {10.1103/PhysRevE.97.042410}
}

@inproceedings{ge2018,
  title = {Turing: {{A Language}} for {{Flexible Probabilistic Inference}}},
  shorttitle = {Turing},
  booktitle = {Proceedings of the {{Twenty-First International Conference}} on {{Artificial Intelligence}} and {{Statistics}}},
  author = {Ge, Hong and Xu, Kai and Ghahramani, Zoubin},
  date = {2018-03-31},
  pages = {1682--1690},
  publisher = {PMLR},
  issn = {2640-3498},
  url = {https://proceedings.mlr.press/v84/ge18b.html},
  urldate = {2023-07-26},
  eventtitle = {International {{Conference}} on {{Artificial Intelligence}} and {{Statistics}}}
}

@article{iwasawa2022,
  title = {Analysis of the Evolution of Resistance to Multiple Antibiotics Enables Prediction of the {{Escherichia}} Coli Phenotype-Based Fitness Landscape},
  author = {Iwasawa, Junichiro and Maeda, Tomoya and Shibai, Atsushi and Kotani, Hazuki and Kawada, Masako and Furusawa, Chikara},
  editor = {De Visser, J. Arjan G. M.},
  date = {2022-12-13},
  journaltitle = {PLOS Biology},
  shortjournal = {PLoS Biol},
  volume = {20},
  number = {12},
  pages = {e3001920},
  issn = {1545-7885},
  doi = {10.1371/journal.pbio.3001920}
}

@article{kaneko2015,
  title = {Universal {{Relationship}} in {{Gene-Expression Changes}} for {{Cells}} in {{Steady-Growth State}}},
  author = {Kaneko, Kunihiko and Furusawa, Chikara and Yomo, Tetsuya},
  date = {2015},
  journaltitle = {Physical Review X},
  volume = {5},
  number = {1},
  pages = {011014},
  issn = {2160-3308},
  doi = {10.1103/PhysRevX.5.011014}
}

@online{kingma2014a,
  title = {Auto-{{Encoding Variational Bayes}}},
  author = {Kingma, Diederik P. and Welling, Max},
  date = {2014-05-01},
  eprint = {1312.6114},
  eprinttype = {arXiv},
  eprintclass = {cs, stat},
  doi = {10.48550/arXiv.1312.6114},
  pubstate = {prepublished}
}

@article{kingma2019,
  title = {An {{Introduction}} to {{Variational Autoencoders}}},
  author = {Kingma, Diederik P. and Welling, Max},
  date = {2019},
  journaltitle = {Foundations and Trends® in Machine Learning},
  shortjournal = {FNT in Machine Learning},
  volume = {12},
  number = {4},
  pages = {307--392},
  issn = {1935-8237, 1935-8245},
  doi = {10.1561/2200000056}
}

@article{kinsler2020,
  title = {Fitness Variation across Subtle Environmental Perturbations Reveals Local Modularity and Global Pleiotropy of Adaptation},
  author = {Kinsler, Grant and Geiler-Samerotte, Kerry and Petrov, Dmitri A},
  date = {2020-12-02},
  journaltitle = {eLife},
  volume = {9},
  eprint = {33263280},
  eprinttype = {pmid},
  pages = {1--52},
  issn = {2050-084X},
  doi = {10.7554/eLife.61271}
}

@article{Lassig2017,
  title = {Predicting Evolution},
  author = {Lässig, Michael and Mustonen, Ville and Walczak, Aleksandra M.},
  date = {2017-02-21},
  journaltitle = {Nature Ecology \& Evolution},
  volume = {1},
  number = {3},
  pages = {0077},
  publisher = {Macmillan Publishers Limited},
  issn = {2397-334X},
  doi = {10.1038/s41559-017-0077}
}

@article{lassig2023,
  title = {Steering and Controlling Evolution — from Bioengineering to Fighting Pathogens},
  author = {Lässig, Michael and Mustonen, Ville and Nourmohammad, Armita},
  date = {2023-07-03},
  journaltitle = {Nature Reviews Genetics},
  shortjournal = {Nat Rev Genet},
  pages = {1--17},
  publisher = {Nature Publishing Group},
  issn = {1471-0064},
  doi = {10.1038/s41576-023-00623-8}
}

@article{louis2016,
  title = {Contingency, Convergence and Hyper-Astronomical Numbers in Biological Evolution},
  author = {Louis, Ard A},
  date = {2016-08},
  journaltitle = {Studies in History and Philosophy of Science Part C: Studies in History and Philosophy of Biological and Biomedical Sciences},
  volume = {58},
  pages = {107--116},
  issn = {13698486},
  doi = {10.1016/j.shpsc.2015.12.014}
}

@article{luksza2017,
  title = {A Neoantigen Fitness Model Predicts Tumour Response to Checkpoint Blockade Immunotherapy},
  author = {Łuksza, Marta and Riaz, Nadeem and Makarov, Vladimir and Balachandran, Vinod P. and Hellmann, Matthew D. and Solovyov, Alexander and Rizvi, Naiyer A. and Merghoub, Taha and Levine, Arnold J. and Chan, Timothy A. and Wolchok, Jedd D. and Greenbaum, Benjamin D.},
  date = {2017-11},
  journaltitle = {Nature},
  shortjournal = {Nature},
  volume = {551},
  number = {7681},
  pages = {517--520},
  issn = {0028-0836, 1476-4687},
  doi = {10.1038/nature24473}
}

@article{maeda2020,
  title = {High-Throughput Laboratory Evolution Reveals Evolutionary Constraints in {{Escherichia}} Coli},
  author = {Maeda, Tomoya and Iwasawa, Junichiro and Kotani, Hazuki and Sakata, Natsue and Kawada, Masako and Horinouchi, Takaaki and Sakai, Aki and Tanabe, Kumi and Furusawa, Chikara},
  date = {2020-12-24},
  journaltitle = {Nature Communications},
  volume = {11},
  number = {1},
  eprint = {33235191},
  eprinttype = {pmid},
  pages = {5970},
  publisher = {Springer US},
  issn = {2041-1723},
  doi = {10.1038/s41467-020-19713-w}
}

@article{manrubia2021,
  title = {From Genotypes to Organisms: {{State-of-the-art}} and Perspectives of a Cornerstone in Evolutionary Dynamics},
  author = {Manrubia, Susanna and Cuesta, José A. and Aguirre, Jacobo and Ahnert, Sebastian E. and Altenberg, Lee and Cano, Alejandro V. and Catalán, Pablo and Diaz-Uriarte, Ramon and Elena, Santiago F. and García-Martín, Juan Antonio and Hogeweg, Paulien and Khatri, Bhavin S. and Krug, Joachim and Louis, Ard A. and Martin, Nora S. and Payne, Joshua L. and Tarnowski, Matthew J. and Weiß, Marcel},
  date = {2021-09},
  journaltitle = {Physics of Life Reviews},
  volume = {38},
  eprint = {34088608},
  eprinttype = {pmid},
  pages = {55--106},
  publisher = {Elsevier B.V.},
  issn = {15710645},
  doi = {10.1016/j.plrev.2021.03.004}
}

@article{martin2024,
  title = {Machine Learning in Biological Physics: {{From}} Biomolecular Prediction to Design},
  shorttitle = {Machine Learning in Biological Physics},
  author = {Martin, Jonathan and Lequerica Mateos, Marcos and Onuchic, José N. and Coluzza, Ivan and Morcos, Faruck},
  date = {2024-07-02},
  journaltitle = {Proceedings of the National Academy of Sciences},
  volume = {121},
  number = {27},
  pages = {e2311807121},
  publisher = {Proceedings of the National Academy of Sciences},
  doi = {10.1073/pnas.2311807121}
}

@article{neal,
  title = {Annealed Importance Sampling},
  author = {Neal, Radford M}
}

@online{rezende2016,
  title = {Variational {{Inference}} with {{Normalizing Flows}}},
  author = {Rezende, Danilo Jimenez and Mohamed, Shakir},
  date = {2016-06-14},
  eprint = {1505.05770},
  eprinttype = {arXiv},
  eprintclass = {cs, stat},
  url = {http://arxiv.org/abs/1505.05770},
  urldate = {2023-11-28},
  pubstate = {prepublished}
}

@online{salimans2015,
  title = {Markov {{Chain Monte Carlo}} and {{Variational Inference}}: {{Bridging}} the {{Gap}}},
  shorttitle = {Markov {{Chain Monte Carlo}} and {{Variational Inference}}},
  author = {Salimans, Tim and Kingma, Diederik P. and Welling, Max},
  date = {2015-05-19},
  eprint = {1410.6460},
  eprinttype = {arXiv},
  eprintclass = {stat},
  url = {http://arxiv.org/abs/1410.6460},
  urldate = {2023-11-28},
  pubstate = {prepublished}
}

@article{sato2020,
  title = {Evolutionary Dimension Reduction in Phenotypic Space},
  author = {Sato, Takuya U. and Kaneko, Kunihiko},
  date = {2020-02-24},
  journaltitle = {Physical Review Research},
  volume = {2},
  number = {1},
  eprint = {1910.01297},
  eprinttype = {arXiv},
  pages = {013197},
  issn = {2643-1564},
  doi = {10.1103/PhysRevResearch.2.013197}
}

@article{sato2023,
  title = {Prediction of Cross-Fitness for Adaptive Evolution to Different Environmental Conditions: {{Consequence}} of Phenotypic Dimensional Reduction},
  shorttitle = {Prediction of Cross-Fitness for Adaptive Evolution to Different Environmental Conditions},
  author = {Sato, Takuya U. and Furusawa, Chikara and Kaneko, Kunihiko},
  date = {2023-12-11},
  journaltitle = {Physical Review Research},
  shortjournal = {Phys. Rev. Research},
  volume = {5},
  number = {4},
  pages = {043222},
  issn = {2643-1564},
  doi = {10.1103/PhysRevResearch.5.043222}
}

@article{schaper2014,
  title = {The {{Arrival}} of the {{Frequent}}: {{How Bias}} in {{Genotype-Phenotype Maps Can Steer Populations}} to {{Local Optima}}},
  author = {Schaper, Steffen and Louis, Ard A.},
  editor = {Rutherford, Suzannah},
  date = {2014-02-05},
  journaltitle = {PLoS ONE},
  volume = {9},
  number = {2},
  eprint = {24505262},
  eprinttype = {pmid},
  pages = {e86635},
  issn = {1932-6203},
  doi = {10.1371/journal.pone.0086635}
}

@article{uksza2014,
  title = {A Predictive Fitness Model for Influenza},
  author = {Łuksza, Marta and Lässig, Michael},
  date = {2014-03-26},
  journaltitle = {Nature},
  volume = {507},
  number = {7490},
  eprint = {24572367},
  eprinttype = {pmid},
  pages = {57--61},
  issn = {0028-0836},
  doi = {10.1038/nature13087},
  isbn = {1476-4687 (Electronic)\textbackslash r0028-0836 (Linking)}
}

@article{wagner2008,
  title = {Robustness and Evolvability: A Paradox Resolved},
  shorttitle = {Robustness and Evolvability},
  author = {Wagner, Andreas},
  date = {2008-01-07},
  journaltitle = {Proceedings of the Royal Society B: Biological Sciences},
  shortjournal = {Proc Biol Sci},
  volume = {275},
  number = {1630},
  eprint = {17971325},
  eprinttype = {pmid},
  pages = {91--100},
  issn = {0962-8452},
  doi = {10.1098/rspb.2007.1137},
  pmcid = {PMC2562401}
}

@article{weinreich2006,
  title = {Darwinian {{Evolution Can Follow Only Very Few Mutational Paths}} to {{Fitter Proteins}}},
  author = {Weinreich, Daniel M. and Delaney, Nigel F. and DePristo, Mark A. and Hartl, Daniel L.},
  date = {2006},
  journaltitle = {Science},
  eprint = {16601192},
  eprinttype = {pmid},
  issn = {0036-8075},
  doi = {10.1126/science.1123633},
  isbn = {1095-9203 (Electronic)\textbackslash n0036-8075 (Linking)}
}
